<?xml version="1.0" encoding="UTF-8"?><collection xmlns="http://www.loc.gov/MARC21/slim"><record><leader>00488nam--2200193-i-4500</leader><controlfield tag="001">000036274</controlfield><controlfield tag="002">20161230</controlfield><controlfield tag="005">20161230201040</controlfield><controlfield tag="008">060222s1000------------r-----000-0-rus-d</controlfield><datafield ind1=" " ind2=" " tag="040"><subfield code="a">IFIN-HH</subfield></datafield><datafield ind1=" " ind2=" " tag="041"><subfield code="a">rum</subfield></datafield><datafield ind1=" " ind2=" " tag="080"><subfield code="a">537.8(075)</subfield></datafield><datafield ind1="1" ind2=" " tag="100"><subfield code="a">Novacu, Valer</subfield></datafield><datafield ind1="1" ind2="0" tag="245"><subfield code="a">Culegere de probleme de electrodinamica</subfield><subfield code="c">Valer novacu</subfield></datafield><datafield ind1=" " ind2=" " tag="250"><subfield code="a">Editia A Doua</subfield></datafield><datafield ind1=" " ind2=" " tag="260"><subfield code="a">Bucuresti</subfield><subfield code="b">Editura Tehnica</subfield><subfield code="c">1964</subfield></datafield><datafield ind1=" " ind2=" " tag="300"><subfield code="a">302P</subfield></datafield><datafield ind1=" " ind2=" " tag="852"><subfield code="a">9443</subfield><subfield code="c">537:538</subfield></datafield><datafield ind1=" " ind2=" " tag="CAT"><subfield code="a">Sys</subfield><subfield code="c">20110608</subfield><subfield code="h">091227</subfield></datafield></record></collection>